{"trade_id": "T-20260426-145642-366206-0001", "ticker": "GS", "side": "SELL", "quantity": 21347, "price": -464.92, "order_type": "LIMIT", "trader_id": "TR-014", "desk": "DRV", "counterparty_id": "CP-011", "exchange": "NYSE", "currency": "USD", "asset_class": "EQUITY", "timestamp": "2026-04-26T14:56:42.345Z", "_dq_flag": "negative_price"}
{"trade_id": "T-20260426-145642-366275-0002", "ticker": "NVDA", "side": "SELL", "quantity": 849, "price": 880.84, "order_type": "MARKET", "trader_id": "TR-010", "desk": "FI", "counterparty_id": "CP-009", "exchange": "NASDAQ", "currency": "USD", "asset_class": "EQUITY", "timestamp": "2026-04-26T14:56:42.520Z"}
{"trade_id": "T-20260426-145642-366305-0003", "ticker": "MSFT", "side": "SELL", "quantity": 766, "price": 419.51, "order_type": "MARKET", "trader_id": "TR-017", "desk": "ETF", "counterparty_id": "CP-026", "exchange": "NASDAQ", "currency": "USD", "asset_class": "EQUITY", "timestamp": "2026-04-26T14:56:42.490Z"}
{"trade_id": "T-20260426-145642-366326-0004", "ticker": "PFE", "side": "BUY", "quantity": 3004, "price": 27.73, "order_type": "MARKET", "trader_id": "TR-009", "desk": "FI", "counterparty_id": "CP-028", "exchange": "NYSE", "currency": "USD", "asset_class": "EQUITY", "timestamp": "2026-04-26T14:56:42.583Z"}
{"trade_id": "T-20260426-145642-366342-0005", "ticker": "NVDA", "side": "BUY", "quantity": 3528, "price": 881.31, "order_type": "MARKET", "trader_id": "TR-015", "desk": "ETF", "counterparty_id": "CP-018", "exchange": "NASDAQ", "currency": "USD", "asset_class": "EQUITY", "timestamp": "2026-04-26T14:56:42.862Z"}
{"trade_id": "T-20260426-145642-366357-0006", "ticker": "SPY", "side": "BUY", "quantity": 65, "price": 509.69, "order_type": "MARKET", "trader_id": "TR-013", "desk": "DRV", "counterparty_id": "CP-027", "exchange": "NYSE", "currency": "USD", "asset_class": "ETF", "timestamp": "2026-04-26T14:56:42.988Z"}
{"trade_id": "T-20260426-145642-366372-0007", "ticker": "PEP", "side": "SELL", "quantity": 799, "price": 175.09, "order_type": "LIMIT", "trader_id": "TR-005", "desk": "EQ", "counterparty_id": "CP-030", "exchange": "NYSE", "currency": "USD", "asset_class": "EQUITY", "timestamp": "2026-04-26T14:56:42.635Z"}
{"trade_id": "T-20260426-145642-366386-0008", "ticker": "GOOGL", "side": "BUY", "quantity": 484, "price": 175.33, "order_type": "STOP", "trader_id": "TR-016", "desk": "ETF", "counterparty_id": "CP-029", "exchange": "NASDAQ", "currency": "USD", "asset_class": "EQUITY", "timestamp": "2026-04-26T14:56:42.243Z"}
{"trade_id": "T-20260426-145642-366399-0009", "ticker": "USO", "side": "SELL", "quantity": 153, "price": 72.44, "order_type": "MARKET", "trader_id": "TR-005", "desk": "EQ", "counterparty_id": "CP-015", "exchange": "NYSE", "currency": "USD", "asset_class": "ETF", "timestamp": "2026-04-26T14:56:42.324Z"}
{"trade_id": "T-20260426-145642-366412-0010", "ticker": "AMZN", "side": "BUY", "quantity": 527, "price": 185.14, "order_type": "MARKET", "trader_id": "TR-003", "desk": "EQ", "counterparty_id": "CP-021", "exchange": "NASDAQ", "currency": "USD", "asset_class": "EQUITY", "timestamp": "2026-04-26T14:56:42.626Z"}
{"trade_id": "T-20260426-145642-366425-0011", "ticker": "ADBE", "side": "BUY", "quantity": 47, "price": 510.85, "order_type": "MARKET", "trader_id": "TR-020", "desk": "MACRO", "counterparty_id": "CP-027", "exchange": "NASDAQ", "currency": "USD", "asset_class": "EQUITY", "timestamp": "2026-04-26T14:56:42.353Z"}
{"trade_id": "T-20260426-145642-366441-0012", "ticker": "ORCL", "side": "BUY", "quantity": 288, "price": 125.75, "order_type": "STOP", "trader_id": "TR-001", "desk": "EQ", "counterparty_id": "CP-002", "exchange": "NYSE", "currency": "USD", "asset_class": "EQUITY", "timestamp": "2026-04-26T14:56:42.921Z"}
{"trade_id": "T-20260426-145642-366456-0013", "ticker": "MS", "side": "SELL", "quantity": 379, "price": 96.22, "order_type": "MARKET", "trader_id": "TR-006", "desk": "FI", "counterparty_id": "CP-017", "exchange": "NYSE", "currency": "USD", "asset_class": "EQUITY", "timestamp": "2026-04-26T14:56:42.412Z"}
{"trade_id": "T-20260426-145642-366469-0014", "ticker": "JPM", "side": "BUY", "quantity": 3444, "price": 198.24, "order_type": "MARKET", "trader_id": "TR-002", "desk": "EQ", "counterparty_id": "CP-002", "exchange": "NYSE", "currency": "USD", "asset_class": "EQUITY", "timestamp": "2026-04-26T14:56:42.828Z"}
{"trade_id": "T-20260426-145642-366482-0015", "ticker": "MRK", "side": "SELL", "quantity": 623, "price": 128.35, "order_type": "MARKET", "trader_id": "TR-009", "desk": "FI", "counterparty_id": "CP-017", "exchange": "NYSE", "currency": "USD", "asset_class": "EQUITY", "timestamp": "2026-04-26T14:56:42.506Z"}
{"trade_id": "T-20260426-145642-366496-0016", "ticker": "WFC", "side": "SELL", "quantity": 0, "price": 58.78, "order_type": "MARKET", "trader_id": "TR-024", "desk": "ALGO", "counterparty_id": "CP-025", "exchange": "NYSE", "currency": "USD", "asset_class": "EQUITY", "timestamp": "2026-04-26T14:56:42.361Z", "_dq_flag": "zero_qty"}
{"trade_id": "T-20260426-145642-366511-0017", "ticker": "JNJ", "side": "BUY", "quantity": 94, "price": 156.81, "order_type": "MARKET", "trader_id": "TR-016", "desk": "ETF", "counterparty_id": "CP-028", "exchange": "NYSE", "currency": "USD", "asset_class": "EQUITY", "timestamp": "2026-04-26T14:56:42.467Z"}
{"trade_id": "T-20260426-145642-366523-0018", "ticker": "ADBE", "side": "SELL", "quantity": 26, "price": 511.52, "order_type": "LIMIT", "trader_id": "TR-004", "desk": "EQ", "counterparty_id": "CP-022", "exchange": "NASDAQ", "currency": "USD", "asset_class": "EQUITY", "timestamp": "2026-04-26T14:56:42.492Z"}
{"trade_id": "T-20260426-145642-366536-0019", "ticker": "NFLX", "side": "SELL", "quantity": 2521, "price": 623.91, "order_type": "LIMIT", "trader_id": "TR-005", "desk": "EQ", "counterparty_id": "CP-006", "exchange": "NASDAQ", "currency": "USD", "asset_class": "EQUITY", "timestamp": "2026-04-26T14:56:42.673Z"}
{"trade_id": "T-20260426-145642-366549-0020", "ticker": "QQQ", "side": "SELL", "quantity": 214, "price": 441.53, "order_type": "STOP", "trader_id": "TR-022", "desk": "ALGO", "counterparty_id": "CP-022", "exchange": "NASDAQ", "currency": "USD", "asset_class": "ETF", "timestamp": "2026-04-26T14:56:42.207Z"}
{"trade_id": "T-20260426-145642-366562-0021", "ticker": "BA", "side": "BUY", "quantity": 357, "price": 186.2, "order_type": "LIMIT", "trader_id": "TR-012", "desk": "DRV", "counterparty_id": "CP-018", "exchange": "NYSE", "currency": "USD", "asset_class": "EQUITY", "timestamp": "2026-04-26T14:56:42.196Z"}
{"trade_id": "T-20260426-145642-366577-0022", "ticker": "CVX", "side": "BUY", "quantity": 6408, "price": 155.44, "order_type": "LIMIT", "trader_id": "TR-010", "desk": "FI", "counterparty_id": "CP-019", "exchange": "NYSE", "currency": "USD", "asset_class": "EQUITY", "timestamp": "2026-04-26T14:56:42.081Z"}
{"trade_id": "T-20260426-145642-366590-0023", "ticker": "NVDA", "side": "BUY", "quantity": 557, "price": 879.12, "order_type": "STOP", "trader_id": "TR-001", "desk": "EQ", "counterparty_id": "CP-016", "exchange": "NASDAQ", "currency": "USD", "asset_class": "EQUITY", "timestamp": "2026-04-26T14:56:42.827Z"}
{"trade_id": "T-20260426-145642-366603-0024", "ticker": null, "side": "SELL", "quantity": 1423, "price": 791.13, "order_type": "MARKET", "trader_id": "TR-023", "desk": "ALGO", "counterparty_id": "CP-019", "exchange": "NYSE", "currency": "USD", "asset_class": "EQUITY", "timestamp": "2026-04-26T14:56:42.407Z", "_dq_flag": "null_ticker"}
{"trade_id": "T-20260426-145642-366615-0025", "ticker": "AMZN", "side": "SELL", "quantity": 387, "price": 184.73, "order_type": "MARKET", "trader_id": "TR-014", "desk": "DRV", "counterparty_id": "CP-008", "exchange": "NASDAQ", "currency": "USD", "asset_class": "EQUITY", "timestamp": "2026-04-26T14:56:42.983Z"}
{"trade_id": "T-20260426-145642-366628-0026", "ticker": "V", "side": "SELL", "quantity": 267, "price": 280.43, "order_type": "MARKET", "trader_id": "TR-018", "desk": "ETF", "counterparty_id": "CP-015", "exchange": "NYSE", "currency": "USD", "asset_class": "EQUITY", "timestamp": "2026-04-26T14:56:42.306Z"}
{"trade_id": "T-20260426-145642-366640-0027", "ticker": "SPY", "side": "SELL", "quantity": 783, "price": 509.77, "order_type": "MARKET", "trader_id": "TR-022", "desk": "ALGO", "counterparty_id": "CP-017", "exchange": "NYSE", "currency": "USD", "asset_class": "ETF", "timestamp": "2026-04-26T14:56:42.449Z"}
{"trade_id": "T-20260426-145642-366653-0028", "ticker": "PG", "side": "BUY", "quantity": 845, "price": 162.71, "order_type": "MARKET", "trader_id": "TR-007", "desk": "FI", "counterparty_id": "CP-027", "exchange": "NYSE", "currency": "USD", "asset_class": "EQUITY", "timestamp": "2026-04-26T14:56:42.237Z"}
{"trade_id": "T-20260426-145642-366665-0029", "ticker": "V", "side": "SELL", "quantity": 886, "price": 280.63, "order_type": "LIMIT", "trader_id": "TR-008", "desk": "FI", "counterparty_id": "CP-022", "exchange": "NYSE", "currency": "USD", "asset_class": "EQUITY", "timestamp": "2026-04-26T14:56:42.079Z"}
{"trade_id": "T-20260426-145642-366677-0030", "ticker": "LQD", "side": "SELL", "quantity": 21, "price": 108.57, "order_type": "MARKET", "trader_id": "TR-023", "desk": "ALGO", "counterparty_id": "CP-006", "exchange": "NYSE", "currency": "USD", "asset_class": "ETF", "timestamp": "2026-04-26T14:56:42.786Z"}
{"trade_id": "T-20260426-145642-366690-0031", "ticker": "SPY", "side": "SELL", "quantity": 294, "price": 508.79, "order_type": "MARKET", "trader_id": "TR-017", "desk": "ETF", "counterparty_id": "CP-019", "exchange": "NYSE", "currency": "USD", "asset_class": "ETF", "timestamp": "2026-04-26T14:56:42.410Z"}
{"trade_id": "T-20260426-145642-366704-0032", "ticker": "COP", "side": "SELL", "quantity": 4206, "price": 115.92, "order_type": "MARKET", "trader_id": "TR-014", "desk": "DRV", "counterparty_id": "CP-019", "exchange": "NYSE", "currency": "USD", "asset_class": "EQUITY", "timestamp": "2026-04-26T14:56:42.395Z"}
{"trade_id": "T-20260426-145642-366716-0033", "ticker": "GLD", "side": "BUY", "quantity": 28913, "price": 215.75, "order_type": "LIMIT", "trader_id": "TR-002", "desk": "EQ", "counterparty_id": "CP-016", "exchange": "NYSE", "currency": "USD", "asset_class": "ETF", "timestamp": "2026-04-26T14:56:42.263Z"}
{"trade_id": "T-20260426-145642-366729-0034", "ticker": "MA", "side": "SELL", "quantity": 242, "price": 466.21, "order_type": "LIMIT", "trader_id": "TR-006", "desk": "FI", "counterparty_id": "CP-005", "exchange": "NYSE", "currency": "USD", "asset_class": "EQUITY", "timestamp": "2026-04-26T14:56:42.229Z"}
{"trade_id": "T-20260426-145642-366741-0035", "ticker": "GS", "side": "SELL", "quantity": 1270, "price": 464.34, "order_type": "MARKET", "trader_id": "TR-001", "desk": "EQ", "counterparty_id": "CP-011", "exchange": "NYSE", "currency": "USD", "asset_class": "EQUITY", "timestamp": "2026-04-26T14:56:42.787Z"}
{"trade_id": "T-20260426-145642-366752-0036", "ticker": "GOOGL", "side": "SELL", "quantity": 1763, "price": 175.11, "order_type": "LIMIT", "trader_id": "TR-004", "desk": "EQ", "counterparty_id": "CP-005", "exchange": "NASDAQ", "currency": "USD", "asset_class": "EQUITY", "timestamp": "2026-04-26T14:56:42.030Z"}
{"trade_id": "T-20260426-145642-366765-0037", "ticker": "USO", "side": "BUY", "quantity": 37672, "price": 72.47, "order_type": "MARKET", "trader_id": "TR-006", "desk": "FI", "counterparty_id": "CP-001", "exchange": "NYSE", "currency": "USD", "asset_class": "ETF", "timestamp": "2026-04-26T14:56:42.896Z"}
{"trade_id": "T-20260426-145642-366778-0038", "ticker": "V", "side": "BUY", "quantity": 267, "price": 280.34, "order_type": "STOP", "trader_id": "TR-002", "desk": "EQ", "counterparty_id": "CP-010", "exchange": "NYSE", "currency": "USD", "asset_class": "EQUITY", "timestamp": "2026-04-26T14:56:42.902Z"}
{"trade_id": "T-20260426-145642-366795-0039", "ticker": "JPM", "side": "SELL", "quantity": 0, "price": 198.83, "order_type": "STOP", "trader_id": "TR-002", "desk": "EQ", "counterparty_id": "CP-001", "exchange": "NYSE", "currency": "USD", "asset_class": "EQUITY", "timestamp": "2026-04-26T14:56:42.614Z", "_dq_flag": "zero_qty"}
{"trade_id": "T-20260426-145642-366809-0040", "ticker": "ORCL", "side": "SELL", "quantity": 50, "price": 125.57, "order_type": "STOP_LIMIT", "trader_id": null, "desk": null, "counterparty_id": "CP-028", "exchange": "NYSE", "currency": "USD", "asset_class": "EQUITY", "timestamp": "2026-04-26T14:56:42.005Z", "_dq_flag": "missing_trader"}
{"trade_id": "T-20260426-145642-366824-0041", "ticker": "USO", "side": "BUY", "quantity": 489, "price": 72.6, "order_type": "LIMIT", "trader_id": "TR-008", "desk": "FI", "counterparty_id": "CP-002", "exchange": "NYSE", "currency": "USD", "asset_class": "ETF", "timestamp": "2026-04-26T14:56:42.554Z"}
{"trade_id": "T-20260426-145642-366842-0042", "ticker": "QQQ", "side": "BUY", "quantity": 999, "price": 441.72, "order_type": "LIMIT", "trader_id": "TR-018", "desk": "ETF", "counterparty_id": "CP-024", "exchange": "NASDAQ", "currency": "USD", "asset_class": "ETF", "timestamp": "2026-04-26T14:56:42.193Z"}
{"trade_id": "T-20260426-145642-366857-0043", "ticker": "XOM", "side": "SELL", "quantity": 91, "price": 109.99, "order_type": "MARKET", "trader_id": "TR-013", "desk": "DRV", "counterparty_id": "CP-005", "exchange": "NYSE", "currency": "USD", "asset_class": "EQUITY", "timestamp": "2026-04-26T14:56:42.936Z"}
{"trade_id": "T-20260426-145642-366872-0044", "ticker": "JPM", "side": "SELL", "quantity": 2762, "price": 199.32, "order_type": "STOP", "trader_id": "TR-009", "desk": "FI", "counterparty_id": "CP-020", "exchange": "NYSE", "currency": "USD", "asset_class": "EQUITY", "timestamp": "2030-12-31T23:59:59.999Z", "_dq_flag": "future_timestamp"}
{"trade_id": "T-20260426-145642-366887-0045", "ticker": "MS", "side": "BUY", "quantity": 15, "price": 96.19, "order_type": "STOP", "trader_id": "TR-008", "desk": "FI", "counterparty_id": "CP-027", "exchange": "NYSE", "currency": "USD", "asset_class": "EQUITY", "timestamp": "2026-04-26T14:56:42.163Z"}
{"trade_id": "T-20260426-145642-366901-0046", "ticker": "ADBE", "side": "BUY", "quantity": 586, "price": 510.6, "order_type": "STOP", "trader_id": "TR-022", "desk": "ALGO", "counterparty_id": "CP-009", "exchange": "NASDAQ", "currency": "USD", "asset_class": "EQUITY", "timestamp": "2026-04-26T14:56:42.205Z"}
{"trade_id": "T-20260426-145642-366915-0047", "ticker": "MSFT", "side": "SELL", "quantity": 2620, "price": 419.1, "order_type": "LIMIT", "trader_id": "TR-015", "desk": "ETF", "counterparty_id": "CP-030", "exchange": "NASDAQ", "currency": "USD", "asset_class": "EQUITY", "timestamp": "2026-04-26T14:56:42.553Z"}
{"trade_id": "T-20260426-145642-366929-0048", "ticker": "QQQ", "side": "BUY", "quantity": 18, "price": 441.84, "order_type": "MARKET", "trader_id": "TR-003", "desk": "EQ", "counterparty_id": "CP-015", "exchange": "NASDAQ", "currency": "USD", "asset_class": "ETF", "timestamp": "2026-04-26T14:56:42.567Z"}
{"trade_id": "T-20260426-145642-366943-0049", "ticker": "CAT", "side": "SELL", "quantity": 69, "price": 356.25, "order_type": "MARKET", "trader_id": "TR-004", "desk": "EQ", "counterparty_id": "CP-014", "exchange": "NYSE", "currency": "USD", "asset_class": "EQUITY", "timestamp": "2026-04-26T14:56:42.981Z"}
{"trade_id": "T-20260426-145642-366957-0050", "ticker": "COST", "side": "SELL", "quantity": 470, "price": 735.45, "order_type": "LIMIT", "trader_id": "TR-002", "desk": "EQ", "counterparty_id": "CP-016", "exchange": "NYSE", "currency": "USD", "asset_class": "EQUITY", "timestamp": "2026-04-26T14:56:42.215Z"}